%YAML 1.1
%TAG !u! tag:unity3d.com,2011:
--- !u!64 &842023355
MeshCollider:
  m_ObjectHideFlags: 0
  m_CorrespondingSourceObject: {fileID: 0}
  m_PrefabInstance: {fileID: 0}
  m_PrefabAsset: {fileID: 0}
  m_GameObject: {fileID: 1508625958985069804}
  m_Material: {fileID: 0}
  m_IsTrigger: 0
  m_Enabled: 1
  serializedVersion: 4
  m_Convex: 1
  m_CookingOptions: 30
  m_Mesh: {fileID: 299923048687032979, guid: 9cd42c5a7732c3e4981878e9776d0df6, type: 3}
--- !u!1 &1742574749472245991
GameObject:
  m_ObjectHideFlags: 0
  m_CorrespondingSourceObject: {fileID: 0}
  m_PrefabInstance: {fileID: 0}
  m_PrefabAsset: {fileID: 0}
  serializedVersion: 6
  m_Component:
  - component: {fileID: 1742574749472245987}
  - component: {fileID: 1742574749472245986}
  - component: {fileID: 1742574749472245985}
  - component: {fileID: -9026060486533210456}
  m_Layer: 0
  m_Name: Apple-30
  m_TagString: Piece
  m_Icon: {fileID: 0}
  m_NavMeshLayer: 0
  m_StaticEditorFlags: 0
  m_IsActive: 1
--- !u!4 &1742574749472245987
Transform:
  m_ObjectHideFlags: 0
  m_CorrespondingSourceObject: {fileID: 0}
  m_PrefabInstance: {fileID: 0}
  m_PrefabAsset: {fileID: 0}
  m_GameObject: {fileID: 1742574749472245991}
  m_LocalRotation: {x: 0, y: 0, z: 0, w: 1}
  m_LocalPosition: {x: 0, y: 0.3, z: 0}
  m_LocalScale: {x: 0.95, y: 0.95, z: 0.95}
  m_Children:
  - {fileID: 1742574750868874539}
  - {fileID: 198271005343734177}
  m_Father: {fileID: 0}
  m_RootOrder: 0
  m_LocalEulerAnglesHint: {x: 0, y: 0, z: 0}
--- !u!114 &1742574749472245986
MonoBehaviour:
  m_ObjectHideFlags: 0
  m_CorrespondingSourceObject: {fileID: 0}
  m_PrefabInstance: {fileID: 0}
  m_PrefabAsset: {fileID: 0}
  m_GameObject: {fileID: 1742574749472245991}
  m_Enabled: 1
  m_EditorHideFlags: 0
  m_Script: {fileID: 11500000, guid: 885b2fec55d98e743baa1ed086ef498b, type: 3}
  m_Name: 
  m_EditorClassIdentifier: 
  type: 2
  catched: 0
  anim: {fileID: 1742574750868874538}
  allowedToShoot: 0
  maxDistance: 15
--- !u!54 &1742574749472245985
Rigidbody:
  m_ObjectHideFlags: 0
  m_CorrespondingSourceObject: {fileID: 0}
  m_PrefabInstance: {fileID: 0}
  m_PrefabAsset: {fileID: 0}
  m_GameObject: {fileID: 1742574749472245991}
  serializedVersion: 2
  m_Mass: 1
  m_Drag: 2
  m_AngularDrag: 1.3
  m_UseGravity: 0
  m_IsKinematic: 0
  m_Interpolate: 0
  m_Constraints: 84
  m_CollisionDetection: 0
--- !u!114 &-9026060486533210456
MonoBehaviour:
  m_ObjectHideFlags: 0
  m_CorrespondingSourceObject: {fileID: 0}
  m_PrefabInstance: {fileID: 0}
  m_PrefabAsset: {fileID: 0}
  m_GameObject: {fileID: 1742574749472245991}
  m_Enabled: 1
  m_EditorHideFlags: 0
  m_Script: {fileID: 11500000, guid: d2cdd89a82f696548a6c623e0947d201, type: 3}
  m_Name: 
  m_EditorClassIdentifier: 
--- !u!1 &1742574750868874537
GameObject:
  m_ObjectHideFlags: 0
  m_CorrespondingSourceObject: {fileID: 0}
  m_PrefabInstance: {fileID: 0}
  m_PrefabAsset: {fileID: 0}
  serializedVersion: 6
  m_Component:
  - component: {fileID: 1742574750868874539}
  - component: {fileID: 1742574750868874538}
  m_Layer: 0
  m_Name: AnimatorParent
  m_TagString: Piece
  m_Icon: {fileID: 0}
  m_NavMeshLayer: 0
  m_StaticEditorFlags: 0
  m_IsActive: 1
--- !u!4 &1742574750868874539
Transform:
  m_ObjectHideFlags: 0
  m_CorrespondingSourceObject: {fileID: 0}
  m_PrefabInstance: {fileID: 0}
  m_PrefabAsset: {fileID: 0}
  m_GameObject: {fileID: 1742574750868874537}
  m_LocalRotation: {x: 0, y: 0, z: 0, w: 1}
  m_LocalPosition: {x: 0, y: 0, z: 0}
  m_LocalScale: {x: 1, y: 1, z: 1}
  m_Children:
  - {fileID: 2280061650005175894}
  m_Father: {fileID: 1742574749472245987}
  m_RootOrder: 0
  m_LocalEulerAnglesHint: {x: 0, y: 0, z: 0}
--- !u!95 &1742574750868874538
Animator:
  serializedVersion: 3
  m_ObjectHideFlags: 0
  m_CorrespondingSourceObject: {fileID: 0}
  m_PrefabInstance: {fileID: 0}
  m_PrefabAsset: {fileID: 0}
  m_GameObject: {fileID: 1742574750868874537}
  m_Enabled: 1
  m_Avatar: {fileID: 0}
  m_Controller: {fileID: 9100000, guid: 5b9771332fa45f745aa127dafadf8b57, type: 2}
  m_CullingMode: 0
  m_UpdateMode: 1
  m_ApplyRootMotion: 1
  m_LinearVelocityBlending: 0
  m_WarningMessage: 
  m_HasTransformHierarchy: 1
  m_AllowConstantClipSamplingOptimization: 1
  m_KeepAnimatorControllerStateOnDisable: 0
--- !u!1001 &1742574750530874787
PrefabInstance:
  m_ObjectHideFlags: 0
  serializedVersion: 2
  m_Modification:
    m_TransformParent: {fileID: 1742574749472245987}
    m_Modifications:
    - target: {fileID: 1940691817711334402, guid: d36b3036ba163c241a2f5da1965a5aa3, type: 3}
      propertyPath: m_RootOrder
      value: 1
      objectReference: {fileID: 0}
    - target: {fileID: 1940691817711334402, guid: d36b3036ba163c241a2f5da1965a5aa3, type: 3}
      propertyPath: m_LocalPosition.x
      value: 0
      objectReference: {fileID: 0}
    - target: {fileID: 1940691817711334402, guid: d36b3036ba163c241a2f5da1965a5aa3, type: 3}
      propertyPath: m_LocalPosition.y
      value: 0
      objectReference: {fileID: 0}
    - target: {fileID: 1940691817711334402, guid: d36b3036ba163c241a2f5da1965a5aa3, type: 3}
      propertyPath: m_LocalPosition.z
      value: 0
      objectReference: {fileID: 0}
    - target: {fileID: 1940691817711334402, guid: d36b3036ba163c241a2f5da1965a5aa3, type: 3}
      propertyPath: m_LocalRotation.w
      value: 1
      objectReference: {fileID: 0}
    - target: {fileID: 1940691817711334402, guid: d36b3036ba163c241a2f5da1965a5aa3, type: 3}
      propertyPath: m_LocalRotation.x
      value: 0
      objectReference: {fileID: 0}
    - target: {fileID: 1940691817711334402, guid: d36b3036ba163c241a2f5da1965a5aa3, type: 3}
      propertyPath: m_LocalRotation.y
      value: 0
      objectReference: {fileID: 0}
    - target: {fileID: 1940691817711334402, guid: d36b3036ba163c241a2f5da1965a5aa3, type: 3}
      propertyPath: m_LocalRotation.z
      value: 0
      objectReference: {fileID: 0}
    - target: {fileID: 1940691817711334402, guid: d36b3036ba163c241a2f5da1965a5aa3, type: 3}
      propertyPath: m_LocalEulerAnglesHint.x
      value: 0
      objectReference: {fileID: 0}
    - target: {fileID: 1940691817711334402, guid: d36b3036ba163c241a2f5da1965a5aa3, type: 3}
      propertyPath: m_LocalEulerAnglesHint.y
      value: 0
      objectReference: {fileID: 0}
    - target: {fileID: 1940691817711334402, guid: d36b3036ba163c241a2f5da1965a5aa3, type: 3}
      propertyPath: m_LocalEulerAnglesHint.z
      value: 0
      objectReference: {fileID: 0}
    - target: {fileID: 1940691817711334403, guid: d36b3036ba163c241a2f5da1965a5aa3, type: 3}
      propertyPath: m_Time
      value: 0.15
      objectReference: {fileID: 0}
    - target: {fileID: 1940691817711334405, guid: d36b3036ba163c241a2f5da1965a5aa3, type: 3}
      propertyPath: m_Name
      value: Trail
      objectReference: {fileID: 0}
    - target: {fileID: 1940691817711334405, guid: d36b3036ba163c241a2f5da1965a5aa3, type: 3}
      propertyPath: m_Layer
      value: 0
      objectReference: {fileID: 0}
    m_RemovedComponents: []
  m_SourcePrefab: {fileID: 100100000, guid: d36b3036ba163c241a2f5da1965a5aa3, type: 3}
--- !u!4 &198271005343734177 stripped
Transform:
  m_CorrespondingSourceObject: {fileID: 1940691817711334402, guid: d36b3036ba163c241a2f5da1965a5aa3, type: 3}
  m_PrefabInstance: {fileID: 1742574750530874787}
  m_PrefabAsset: {fileID: 0}
--- !u!1001 &1742574751273044413
PrefabInstance:
  m_ObjectHideFlags: 0
  serializedVersion: 2
  m_Modification:
    m_TransformParent: {fileID: 1742574750868874539}
    m_Modifications:
    - target: {fileID: -8679921383154817045, guid: 9cd42c5a7732c3e4981878e9776d0df6, type: 3}
      propertyPath: m_RootOrder
      value: 0
      objectReference: {fileID: 0}
    - target: {fileID: -8679921383154817045, guid: 9cd42c5a7732c3e4981878e9776d0df6, type: 3}
      propertyPath: m_LocalPosition.x
      value: 0
      objectReference: {fileID: 0}
    - target: {fileID: -8679921383154817045, guid: 9cd42c5a7732c3e4981878e9776d0df6, type: 3}
      propertyPath: m_LocalPosition.y
      value: 0
      objectReference: {fileID: 0}
    - target: {fileID: -8679921383154817045, guid: 9cd42c5a7732c3e4981878e9776d0df6, type: 3}
      propertyPath: m_LocalPosition.z
      value: 0
      objectReference: {fileID: 0}
    - target: {fileID: -8679921383154817045, guid: 9cd42c5a7732c3e4981878e9776d0df6, type: 3}
      propertyPath: m_LocalRotation.w
      value: 1
      objectReference: {fileID: 0}
    - target: {fileID: -8679921383154817045, guid: 9cd42c5a7732c3e4981878e9776d0df6, type: 3}
      propertyPath: m_LocalRotation.x
      value: -0
      objectReference: {fileID: 0}
    - target: {fileID: -8679921383154817045, guid: 9cd42c5a7732c3e4981878e9776d0df6, type: 3}
      propertyPath: m_LocalRotation.y
      value: -0
      objectReference: {fileID: 0}
    - target: {fileID: -8679921383154817045, guid: 9cd42c5a7732c3e4981878e9776d0df6, type: 3}
      propertyPath: m_LocalRotation.z
      value: -0
      objectReference: {fileID: 0}
    - target: {fileID: -8679921383154817045, guid: 9cd42c5a7732c3e4981878e9776d0df6, type: 3}
      propertyPath: m_LocalEulerAnglesHint.x
      value: 0
      objectReference: {fileID: 0}
    - target: {fileID: -8679921383154817045, guid: 9cd42c5a7732c3e4981878e9776d0df6, type: 3}
      propertyPath: m_LocalEulerAnglesHint.y
      value: 0
      objectReference: {fileID: 0}
    - target: {fileID: -8679921383154817045, guid: 9cd42c5a7732c3e4981878e9776d0df6, type: 3}
      propertyPath: m_LocalEulerAnglesHint.z
      value: 0
      objectReference: {fileID: 0}
    - target: {fileID: 919132149155446097, guid: 9cd42c5a7732c3e4981878e9776d0df6, type: 3}
      propertyPath: m_Name
      value: Apple-30
      objectReference: {fileID: 0}
    - target: {fileID: 919132149155446097, guid: 9cd42c5a7732c3e4981878e9776d0df6, type: 3}
      propertyPath: m_Layer
      value: 0
      objectReference: {fileID: 0}
    - target: {fileID: 919132149155446097, guid: 9cd42c5a7732c3e4981878e9776d0df6, type: 3}
      propertyPath: m_TagString
      value: Piece
      objectReference: {fileID: 0}
    m_RemovedComponents: []
  m_SourcePrefab: {fileID: 100100000, guid: 9cd42c5a7732c3e4981878e9776d0df6, type: 3}
--- !u!1 &1508625958985069804 stripped
GameObject:
  m_CorrespondingSourceObject: {fileID: 919132149155446097, guid: 9cd42c5a7732c3e4981878e9776d0df6, type: 3}
  m_PrefabInstance: {fileID: 1742574751273044413}
  m_PrefabAsset: {fileID: 0}
--- !u!4 &2280061650005175894 stripped
Transform:
  m_CorrespondingSourceObject: {fileID: -8679921383154817045, guid: 9cd42c5a7732c3e4981878e9776d0df6, type: 3}
  m_PrefabInstance: {fileID: 1742574751273044413}
  m_PrefabAsset: {fileID: 0}
