%YAML 1.1
%TAG !u! tag:unity3d.com,2011:
--- !u!64 &3015083930849756011
MeshCollider:
  m_ObjectHideFlags: 0
  m_CorrespondingSourceObject: {fileID: 0}
  m_PrefabInstance: {fileID: 0}
  m_PrefabAsset: {fileID: 0}
  m_GameObject: {fileID: 3227522626399060883}
  m_Material: {fileID: 0}
  m_IsTrigger: 0
  m_Enabled: 1
  serializedVersion: 4
  m_Convex: 1
  m_CookingOptions: 30
  m_Mesh: {fileID: -2818041839795328004, guid: 9ac2c597568861d4bbadae8f3e5a353c, type: 3}
--- !u!1 &3824718004655402700
GameObject:
  m_ObjectHideFlags: 0
  m_CorrespondingSourceObject: {fileID: 0}
  m_PrefabInstance: {fileID: 0}
  m_PrefabAsset: {fileID: 0}
  serializedVersion: 6
  m_Component:
  - component: {fileID: 764417451015063671}
  - component: {fileID: 4024791995251611143}
  - component: {fileID: 508171013928230206}
  - component: {fileID: 2457318963911172670}
  m_Layer: 0
  m_Name: Orange30
  m_TagString: Piece
  m_Icon: {fileID: 0}
  m_NavMeshLayer: 0
  m_StaticEditorFlags: 0
  m_IsActive: 1
--- !u!4 &764417451015063671
Transform:
  m_ObjectHideFlags: 0
  m_CorrespondingSourceObject: {fileID: 0}
  m_PrefabInstance: {fileID: 0}
  m_PrefabAsset: {fileID: 0}
  m_GameObject: {fileID: 3824718004655402700}
  m_LocalRotation: {x: 0, y: 0, z: 0, w: 1}
  m_LocalPosition: {x: 0, y: 0.3, z: 0}
  m_LocalScale: {x: 1, y: 1, z: 1}
  m_Children:
  - {fileID: 7362117883304997276}
  - {fileID: 2608160041654315599}
  m_Father: {fileID: 0}
  m_RootOrder: 0
  m_LocalEulerAnglesHint: {x: 0, y: 0, z: 0}
--- !u!114 &4024791995251611143
MonoBehaviour:
  m_ObjectHideFlags: 0
  m_CorrespondingSourceObject: {fileID: 0}
  m_PrefabInstance: {fileID: 0}
  m_PrefabAsset: {fileID: 0}
  m_GameObject: {fileID: 3824718004655402700}
  m_Enabled: 1
  m_EditorHideFlags: 0
  m_Script: {fileID: 11500000, guid: 885b2fec55d98e743baa1ed086ef498b, type: 3}
  m_Name: 
  m_EditorClassIdentifier: 
  type: 13
  catched: 0
  anim: {fileID: 3981723329155870137}
  allowedToShoot: 0
  maxDistance: 15
--- !u!54 &508171013928230206
Rigidbody:
  m_ObjectHideFlags: 0
  m_CorrespondingSourceObject: {fileID: 0}
  m_PrefabInstance: {fileID: 0}
  m_PrefabAsset: {fileID: 0}
  m_GameObject: {fileID: 3824718004655402700}
  serializedVersion: 2
  m_Mass: 1
  m_Drag: 2
  m_AngularDrag: 1.3
  m_UseGravity: 0
  m_IsKinematic: 0
  m_Interpolate: 0
  m_Constraints: 84
  m_CollisionDetection: 0
--- !u!114 &2457318963911172670
MonoBehaviour:
  m_ObjectHideFlags: 0
  m_CorrespondingSourceObject: {fileID: 0}
  m_PrefabInstance: {fileID: 0}
  m_PrefabAsset: {fileID: 0}
  m_GameObject: {fileID: 3824718004655402700}
  m_Enabled: 1
  m_EditorHideFlags: 0
  m_Script: {fileID: 11500000, guid: d2cdd89a82f696548a6c623e0947d201, type: 3}
  m_Name: 
  m_EditorClassIdentifier: 
--- !u!1 &7725392705428575625
GameObject:
  m_ObjectHideFlags: 0
  m_CorrespondingSourceObject: {fileID: 0}
  m_PrefabInstance: {fileID: 0}
  m_PrefabAsset: {fileID: 0}
  serializedVersion: 6
  m_Component:
  - component: {fileID: 7362117883304997276}
  - component: {fileID: 3981723329155870137}
  m_Layer: 0
  m_Name: AnimatorParent
  m_TagString: Piece
  m_Icon: {fileID: 0}
  m_NavMeshLayer: 0
  m_StaticEditorFlags: 0
  m_IsActive: 1
--- !u!4 &7362117883304997276
Transform:
  m_ObjectHideFlags: 0
  m_CorrespondingSourceObject: {fileID: 0}
  m_PrefabInstance: {fileID: 0}
  m_PrefabAsset: {fileID: 0}
  m_GameObject: {fileID: 7725392705428575625}
  m_LocalRotation: {x: 0, y: 0, z: 0, w: 1}
  m_LocalPosition: {x: 0, y: 0, z: 0}
  m_LocalScale: {x: 1, y: 1, z: 1}
  m_Children:
  - {fileID: 2846739053326178601}
  m_Father: {fileID: 764417451015063671}
  m_RootOrder: 0
  m_LocalEulerAnglesHint: {x: 0, y: 0, z: 0}
--- !u!95 &3981723329155870137
Animator:
  serializedVersion: 3
  m_ObjectHideFlags: 0
  m_CorrespondingSourceObject: {fileID: 0}
  m_PrefabInstance: {fileID: 0}
  m_PrefabAsset: {fileID: 0}
  m_GameObject: {fileID: 7725392705428575625}
  m_Enabled: 1
  m_Avatar: {fileID: 0}
  m_Controller: {fileID: 9100000, guid: 5b9771332fa45f745aa127dafadf8b57, type: 2}
  m_CullingMode: 0
  m_UpdateMode: 0
  m_ApplyRootMotion: 1
  m_LinearVelocityBlending: 0
  m_WarningMessage: 
  m_HasTransformHierarchy: 1
  m_AllowConstantClipSamplingOptimization: 1
  m_KeepAnimatorControllerStateOnDisable: 0
--- !u!1001 &2308973780107558594
PrefabInstance:
  m_ObjectHideFlags: 0
  serializedVersion: 2
  m_Modification:
    m_TransformParent: {fileID: 7362117883304997276}
    m_Modifications:
    - target: {fileID: -8679921383154817045, guid: 9ac2c597568861d4bbadae8f3e5a353c, type: 3}
      propertyPath: m_RootOrder
      value: 0
      objectReference: {fileID: 0}
    - target: {fileID: -8679921383154817045, guid: 9ac2c597568861d4bbadae8f3e5a353c, type: 3}
      propertyPath: m_LocalPosition.x
      value: -0
      objectReference: {fileID: 0}
    - target: {fileID: -8679921383154817045, guid: 9ac2c597568861d4bbadae8f3e5a353c, type: 3}
      propertyPath: m_LocalPosition.y
      value: 0
      objectReference: {fileID: 0}
    - target: {fileID: -8679921383154817045, guid: 9ac2c597568861d4bbadae8f3e5a353c, type: 3}
      propertyPath: m_LocalPosition.z
      value: 0
      objectReference: {fileID: 0}
    - target: {fileID: -8679921383154817045, guid: 9ac2c597568861d4bbadae8f3e5a353c, type: 3}
      propertyPath: m_LocalRotation.w
      value: 1
      objectReference: {fileID: 0}
    - target: {fileID: -8679921383154817045, guid: 9ac2c597568861d4bbadae8f3e5a353c, type: 3}
      propertyPath: m_LocalRotation.x
      value: 0
      objectReference: {fileID: 0}
    - target: {fileID: -8679921383154817045, guid: 9ac2c597568861d4bbadae8f3e5a353c, type: 3}
      propertyPath: m_LocalRotation.y
      value: -0
      objectReference: {fileID: 0}
    - target: {fileID: -8679921383154817045, guid: 9ac2c597568861d4bbadae8f3e5a353c, type: 3}
      propertyPath: m_LocalRotation.z
      value: -0
      objectReference: {fileID: 0}
    - target: {fileID: -8679921383154817045, guid: 9ac2c597568861d4bbadae8f3e5a353c, type: 3}
      propertyPath: m_LocalEulerAnglesHint.x
      value: 0
      objectReference: {fileID: 0}
    - target: {fileID: -8679921383154817045, guid: 9ac2c597568861d4bbadae8f3e5a353c, type: 3}
      propertyPath: m_LocalEulerAnglesHint.y
      value: 0
      objectReference: {fileID: 0}
    - target: {fileID: -8679921383154817045, guid: 9ac2c597568861d4bbadae8f3e5a353c, type: 3}
      propertyPath: m_LocalEulerAnglesHint.z
      value: 0
      objectReference: {fileID: 0}
    - target: {fileID: 919132149155446097, guid: 9ac2c597568861d4bbadae8f3e5a353c, type: 3}
      propertyPath: m_Name
      value: Orange30
      objectReference: {fileID: 0}
    - target: {fileID: 919132149155446097, guid: 9ac2c597568861d4bbadae8f3e5a353c, type: 3}
      propertyPath: m_TagString
      value: Piece
      objectReference: {fileID: 0}
    m_RemovedComponents: []
  m_SourcePrefab: {fileID: 100100000, guid: 9ac2c597568861d4bbadae8f3e5a353c, type: 3}
--- !u!1 &3227522626399060883 stripped
GameObject:
  m_CorrespondingSourceObject: {fileID: 919132149155446097, guid: 9ac2c597568861d4bbadae8f3e5a353c, type: 3}
  m_PrefabInstance: {fileID: 2308973780107558594}
  m_PrefabAsset: {fileID: 0}
--- !u!4 &2846739053326178601 stripped
Transform:
  m_CorrespondingSourceObject: {fileID: -8679921383154817045, guid: 9ac2c597568861d4bbadae8f3e5a353c, type: 3}
  m_PrefabInstance: {fileID: 2308973780107558594}
  m_PrefabAsset: {fileID: 0}
--- !u!1001 &4529692482700353101
PrefabInstance:
  m_ObjectHideFlags: 0
  serializedVersion: 2
  m_Modification:
    m_TransformParent: {fileID: 764417451015063671}
    m_Modifications:
    - target: {fileID: 1940691817711334402, guid: d36b3036ba163c241a2f5da1965a5aa3, type: 3}
      propertyPath: m_RootOrder
      value: 1
      objectReference: {fileID: 0}
    - target: {fileID: 1940691817711334402, guid: d36b3036ba163c241a2f5da1965a5aa3, type: 3}
      propertyPath: m_LocalPosition.x
      value: 0
      objectReference: {fileID: 0}
    - target: {fileID: 1940691817711334402, guid: d36b3036ba163c241a2f5da1965a5aa3, type: 3}
      propertyPath: m_LocalPosition.y
      value: 0
      objectReference: {fileID: 0}
    - target: {fileID: 1940691817711334402, guid: d36b3036ba163c241a2f5da1965a5aa3, type: 3}
      propertyPath: m_LocalPosition.z
      value: 0
      objectReference: {fileID: 0}
    - target: {fileID: 1940691817711334402, guid: d36b3036ba163c241a2f5da1965a5aa3, type: 3}
      propertyPath: m_LocalRotation.w
      value: 1
      objectReference: {fileID: 0}
    - target: {fileID: 1940691817711334402, guid: d36b3036ba163c241a2f5da1965a5aa3, type: 3}
      propertyPath: m_LocalRotation.x
      value: 0
      objectReference: {fileID: 0}
    - target: {fileID: 1940691817711334402, guid: d36b3036ba163c241a2f5da1965a5aa3, type: 3}
      propertyPath: m_LocalRotation.y
      value: 0
      objectReference: {fileID: 0}
    - target: {fileID: 1940691817711334402, guid: d36b3036ba163c241a2f5da1965a5aa3, type: 3}
      propertyPath: m_LocalRotation.z
      value: 0
      objectReference: {fileID: 0}
    - target: {fileID: 1940691817711334402, guid: d36b3036ba163c241a2f5da1965a5aa3, type: 3}
      propertyPath: m_LocalEulerAnglesHint.x
      value: 0
      objectReference: {fileID: 0}
    - target: {fileID: 1940691817711334402, guid: d36b3036ba163c241a2f5da1965a5aa3, type: 3}
      propertyPath: m_LocalEulerAnglesHint.y
      value: 0
      objectReference: {fileID: 0}
    - target: {fileID: 1940691817711334402, guid: d36b3036ba163c241a2f5da1965a5aa3, type: 3}
      propertyPath: m_LocalEulerAnglesHint.z
      value: 0
      objectReference: {fileID: 0}
    - target: {fileID: 1940691817711334405, guid: d36b3036ba163c241a2f5da1965a5aa3, type: 3}
      propertyPath: m_Name
      value: Trail
      objectReference: {fileID: 0}
    - target: {fileID: 1940691817711334405, guid: d36b3036ba163c241a2f5da1965a5aa3, type: 3}
      propertyPath: m_Layer
      value: 0
      objectReference: {fileID: 0}
    m_RemovedComponents: []
  m_SourcePrefab: {fileID: 100100000, guid: d36b3036ba163c241a2f5da1965a5aa3, type: 3}
--- !u!4 &2608160041654315599 stripped
Transform:
  m_CorrespondingSourceObject: {fileID: 1940691817711334402, guid: d36b3036ba163c241a2f5da1965a5aa3, type: 3}
  m_PrefabInstance: {fileID: 4529692482700353101}
  m_PrefabAsset: {fileID: 0}
