%YAML 1.1
%TAG !u! tag:unity3d.com,2011:
--- !u!64 &5090509041189513991
MeshCollider:
  m_ObjectHideFlags: 0
  m_CorrespondingSourceObject: {fileID: 0}
  m_PrefabInstance: {fileID: 0}
  m_PrefabAsset: {fileID: 0}
  m_GameObject: {fileID: 1558017295000199556}
  m_Material: {fileID: 13400000, guid: 42cba324d131f9944aa8affc9aac6157, type: 2}
  m_IsTrigger: 0
  m_Enabled: 1
  serializedVersion: 4
  m_Convex: 1
  m_CookingOptions: 30
  m_Mesh: {fileID: -885576524601515196, guid: 113a9fd152bee194cb2f924881ce70ab, type: 3}
--- !u!1 &1578650691098564542
GameObject:
  m_ObjectHideFlags: 0
  m_CorrespondingSourceObject: {fileID: 0}
  m_PrefabInstance: {fileID: 0}
  m_PrefabAsset: {fileID: 0}
  serializedVersion: 6
  m_Component:
  - component: {fileID: 7440132201064394541}
  - component: {fileID: 659951430693857786}
  - component: {fileID: 2192126071873228338}
  m_Layer: 0
  m_Name: Apple_Box30
  m_TagString: Untagged
  m_Icon: {fileID: 0}
  m_NavMeshLayer: 0
  m_StaticEditorFlags: 0
  m_IsActive: 1
--- !u!4 &7440132201064394541
Transform:
  m_ObjectHideFlags: 0
  m_CorrespondingSourceObject: {fileID: 0}
  m_PrefabInstance: {fileID: 0}
  m_PrefabAsset: {fileID: 0}
  m_GameObject: {fileID: 1578650691098564542}
  m_LocalRotation: {x: 0, y: 0, z: 0, w: 1}
  m_LocalPosition: {x: 0, y: 0, z: 2.59}
  m_LocalScale: {x: 1, y: 1, z: 1}
  m_Children:
  - {fileID: 2221647721714334526}
  m_Father: {fileID: 0}
  m_RootOrder: 0
  m_LocalEulerAnglesHint: {x: 0, y: 0, z: 0}
--- !u!114 &659951430693857786
MonoBehaviour:
  m_ObjectHideFlags: 0
  m_CorrespondingSourceObject: {fileID: 0}
  m_PrefabInstance: {fileID: 0}
  m_PrefabAsset: {fileID: 0}
  m_GameObject: {fileID: 1578650691098564542}
  m_Enabled: 1
  m_EditorHideFlags: 0
  m_Script: {fileID: 11500000, guid: d3cd0f49afb4fd44ea4a1d740d4d07c8, type: 3}
  m_Name: 
  m_EditorClassIdentifier: 
  type: 1
  Attribute: {fileID: 0}
  method2: 1
  directionSpeed: 1
  speedReduceTime: 0.99
  reached: 0
  reachPosition: {x: 0, y: 0, z: 0}
  direction: {x: 0, y: 0, z: 0}
  speed: 0
--- !u!135 &2192126071873228338
SphereCollider:
  m_ObjectHideFlags: 0
  m_CorrespondingSourceObject: {fileID: 0}
  m_PrefabInstance: {fileID: 0}
  m_PrefabAsset: {fileID: 0}
  m_GameObject: {fileID: 1578650691098564542}
  m_Material: {fileID: 0}
  m_IsTrigger: 1
  m_Enabled: 1
  serializedVersion: 2
  m_Radius: 1.8
  m_Center: {x: 0, y: 1, z: 0}
--- !u!1001 &1827997078902267093
PrefabInstance:
  m_ObjectHideFlags: 0
  serializedVersion: 2
  m_Modification:
    m_TransformParent: {fileID: 7440132201064394541}
    m_Modifications:
    - target: {fileID: -8679921383154817045, guid: 113a9fd152bee194cb2f924881ce70ab, type: 3}
      propertyPath: m_RootOrder
      value: 0
      objectReference: {fileID: 0}
    - target: {fileID: -8679921383154817045, guid: 113a9fd152bee194cb2f924881ce70ab, type: 3}
      propertyPath: m_LocalPosition.x
      value: 0
      objectReference: {fileID: 0}
    - target: {fileID: -8679921383154817045, guid: 113a9fd152bee194cb2f924881ce70ab, type: 3}
      propertyPath: m_LocalPosition.y
      value: 0
      objectReference: {fileID: 0}
    - target: {fileID: -8679921383154817045, guid: 113a9fd152bee194cb2f924881ce70ab, type: 3}
      propertyPath: m_LocalPosition.z
      value: 0
      objectReference: {fileID: 0}
    - target: {fileID: -8679921383154817045, guid: 113a9fd152bee194cb2f924881ce70ab, type: 3}
      propertyPath: m_LocalRotation.w
      value: 1
      objectReference: {fileID: 0}
    - target: {fileID: -8679921383154817045, guid: 113a9fd152bee194cb2f924881ce70ab, type: 3}
      propertyPath: m_LocalRotation.x
      value: -0
      objectReference: {fileID: 0}
    - target: {fileID: -8679921383154817045, guid: 113a9fd152bee194cb2f924881ce70ab, type: 3}
      propertyPath: m_LocalRotation.y
      value: -0
      objectReference: {fileID: 0}
    - target: {fileID: -8679921383154817045, guid: 113a9fd152bee194cb2f924881ce70ab, type: 3}
      propertyPath: m_LocalRotation.z
      value: -0
      objectReference: {fileID: 0}
    - target: {fileID: -8679921383154817045, guid: 113a9fd152bee194cb2f924881ce70ab, type: 3}
      propertyPath: m_LocalEulerAnglesHint.x
      value: 0
      objectReference: {fileID: 0}
    - target: {fileID: -8679921383154817045, guid: 113a9fd152bee194cb2f924881ce70ab, type: 3}
      propertyPath: m_LocalEulerAnglesHint.y
      value: 0
      objectReference: {fileID: 0}
    - target: {fileID: -8679921383154817045, guid: 113a9fd152bee194cb2f924881ce70ab, type: 3}
      propertyPath: m_LocalEulerAnglesHint.z
      value: 0
      objectReference: {fileID: 0}
    - target: {fileID: 919132149155446097, guid: 113a9fd152bee194cb2f924881ce70ab, type: 3}
      propertyPath: m_Name
      value: Apple_Box30
      objectReference: {fileID: 0}
    m_RemovedComponents: []
  m_SourcePrefab: {fileID: 100100000, guid: 113a9fd152bee194cb2f924881ce70ab, type: 3}
--- !u!1 &1558017295000199556 stripped
GameObject:
  m_CorrespondingSourceObject: {fileID: 919132149155446097, guid: 113a9fd152bee194cb2f924881ce70ab, type: 3}
  m_PrefabInstance: {fileID: 1827997078902267093}
  m_PrefabAsset: {fileID: 0}
--- !u!4 &2221647721714334526 stripped
Transform:
  m_CorrespondingSourceObject: {fileID: -8679921383154817045, guid: 113a9fd152bee194cb2f924881ce70ab, type: 3}
  m_PrefabInstance: {fileID: 1827997078902267093}
  m_PrefabAsset: {fileID: 0}
